@electronic{online-tlsag,
 author = "L. Wirzenius, J. Oja, S. Stafford, A. Weeks",
 title     = "The Linux System Administrator's Guide - 0.9",
 url       = "http://www.tldp.org/LDP/sag/html/index.html",
 year = "2003"
}